@String { icml              = {International Conference on Machine Learning (ICML)} }
@String { colt              = {Conference on Learning Theory (COLT)} }
@String { nips              = {Neural Information Processing Systems (NIPS)} }
@String { ijrr              = {International Journal of Robotics Research} }
@String { isrr              = {International Symposium on Robotics Research (ISRR)} }
@String { icra              = {{IEEE} International Conference on Robotics and Automation (ICRA)} }
@String { iros              = {{IEEE} International Conference on Intelligent Robots and Systems (IROS)} }
@String { humanoids         = {{IEEE-RAS} International Conference on Humanoid Robotics (Humanoids)} }
@String { jmlr              = {Journal of Machine Learning Research} }
@String { iclr              = {International Conference on Learning Representations (ICLR)} }
@String { uai               = {Uncertainty in Artificial Intelligence (UAI)} }
@String { tpami             = {IEEE Transactions on Pattern Analysis \& Machine Intelligence} }
@String { tac               = {IEEE Transactions on Automatic Control} }
@String { automatica        = {Automatica} }
@String { jfr               = {Journal of Field Robotics} }
@String { ar                = {Autonomous Robots} }
@String { ijcai             = {International Joint Conference on Artificial Intelligence (IJCAI)} }
@String { cvpr              = {{IEEE} Conference on Computer Vision and Pattern Recognition (CVPR)} }
@String { eccv              = {European Conference on Computer Vision (ECCV)} }
@String { aistats           = {Artificial Intelligence and Statistics (AISTATS)} }
@String { acc               = {American Control Conference (ACC)} }
@String { cdc               = {IEEE Conference on Decision and Control (CDC)} }
@String { nc                = {Neural Computation} }
@String { jasa              = {Journal of the American Statistical Association} }
@String { wafr              = {Workshop on the Algorithmic Foundations of Robotics (WAFR)} }
@String { corl              = {Conference on Robot Learning (CoRL)} }
@String { rss               = {Robotics: Science and Systems (RSS)} }
@String { jgcd              = {AIAA Journal of Guidance, Control, and Dynamics} }
@String { tsc               = {IEEE Transactions on Control Systems Technology} }


% optimization 

@book{bertsekas2016nonlinear,
  title={Nonlinear programming},
  author={Bertsekas, Dimitri P},
  year={2016},
  publisher={Athena Scientific}
}

@book{bertsimas1997introduction,
  title={Introduction to linear optimization},
  author={Bertsimas, Dimitris and Tsitsiklis, John N},
  year={1997},
  publisher={Athena Scientific}
}

@article{powell2012ai,
  title={{AI}, {OR} and control theory: A rosetta stone for stochastic optimization},
  author={Powell, Warren B},
  year={2012}
}

@book{boyd2004convex,
  title={Convex optimization},
  author={Boyd, Stephen and Vandenberghe, Lieven},
  year={2004},
  publisher={Cambridge university press}
}

@article{kolter2008convex,
  title={Convex Optimization Overview},
  journal={CS 229 Lecture Notes},
  author={Zico Kolter},
  year={2008}
}

% DP

@book{bertsekas1995dynamic,
  title={Dynamic programming and optimal control},
  author={Bertsekas, Dimitri P},
  edition={4},
  number={1},
  year={2012}
}

@book{anderson2007optimal,
  title={Optimal control: linear quadratic methods},
  author={Anderson, Brian DO and Moore, John B},
  year={2007},
  publisher={Courier Corporation}
}

@inproceedings{todorov2005generalized,
  title={A generalized iterative {LQG} method for locally-optimal feedback control of constrained nonlinear stochastic systems},
  author={Todorov, Emanuel and Li, Weiwei},
  booktitle=acc,
  year={2005}
}

@inproceedings{tassa2014control,
  title={Control-limited differential dynamic programming},
  author={Tassa, Yuval and Mansard, Nicolas and Todorov, Emo},
  booktitle=icra,
  year={2014}
}

@inproceedings{levine2014learning,
  title={Learning complex neural network policies with trajectory optimization},
  author={Levine, Sergey and Koltun, Vladlen},
  booktitle=icml,
  year={2014}
}

@book{mayne1970ddp,
  title={Differential Dynamic Programming},
  author={David Jacobson and David Mayne},
  year={1970},
  publisher={Elsevier}
}

@inproceedings{tassa2012synthesis,
  title={Synthesis and stabilization of complex behaviors through online trajectory optimization},
  author={Tassa, Yuval and Erez, Tom and Todorov, Emanuel},
  booktitle=iros,
  year={2012}
}

@techreport{liao1992advantages,
  title={Advantages of differential dynamic programming over Newton's method for discrete-time optimal control problems},
  author={Liao, Li-zhi and Shoemaker, Christine A},
  year={1992},
  institution={Cornell University}
}

@inproceedings{xie2017differential,
  title={Differential dynamic programming with nonlinear constraints},
  author={Xie, Zhaoming and Liu, C Karen and Hauser, Kris},
  booktitle=icra,
  year={2017}
}

@inproceedings{giftthaler2017projection,
  title={A projection approach to equality constrained iterative linear quadratic optimal control},
  author={Giftthaler, Markus and Buchli, Jonas},
  booktitle=humanoids,
  year={2017}
}

@inproceedings{li2004iterative,
  title={Iterative linear quadratic regulator design for nonlinear biological movement systems.},
  author={Li, Weiwei and Todorov, Emanuel},
  booktitle={International Conference on Informatics in Control, Automation, and Robotics},
  year={2004}
}

%HJB

@article{mitchell2005time,
  title={A time-dependent Hamilton-Jacobi formulation of reachable sets for continuous dynamic games},
  author={Mitchell, Ian M and Bayen, Alexandre M and Tomlin, Claire J},
  journal=tac,
  year={2005}
}

@article{bressan2010noncooperative,
  title={Noncooperative differential games. a tutorial},
  year={2010},
  author={Bressan, Alberto}
}

@book{kirk2012optimal,
  title={Optimal control theory: an introduction},
  author={Kirk, Donald E},
  year={2012},
  publisher={Courier Corporation}
}

% Indirect

@book{bryson1975applied,
  title={Applied Optimal Control: Optimization, Estimation and Control},
  author={Arthur Bryson and Yu-Chi Ho},
  year={1975},
  publisher={CRC Press}
}

@article{lee1967foundations,
  title={Foundations of optimal control theory},
  author={Lee, Ernest Bruce and Markus, Lawrence},
  year={1967},
  publisher={Wiley}
}

% Direct

@article{kelly2017transcription,
  title={Transcription Methods for Trajectory Optimization: a beginners tutorial},
  author={Kelly, Matthew},
  journal={arXiv:1707.00284},
  year={2017}
}

@article{kelly2017introduction,
  title={An introduction to trajectory optimization: how to do your own direct collocation},
  author={Kelly, Matthew},
  journal={SIAM Review},
  year={2017}
}

% MPC

@book{borrelli2017predictive,
  title={Predictive control for linear and hybrid systems},
  author={Borrelli, Francesco and Bemporad, Alberto and Morari, Manfred},
  year={2017},
  publisher={Cambridge University Press}
}

@book{rawlings2017model,
  title={Model Predictive Control: Theory, Computation, and Design},
  author={Rawlings, James Blake and Mayne, David Q and Diehl, Moritz},
  year={2017},
  publisher={Nob Hill Publishing}
}